---
---

@book{agha1986actors,
  title={Actors: a model of concurrent computation in distributed systems},
  author={Agha, Gul},
  year={1986},
  publisher={MIT press}
}