@ARTICLE{eis,
       author = {{Culhane}, J.~L. and {Harra}, L.~K. and {James}, A.~M. and {Al-Janabi}, K. and {Bradley}, L.~J. and {Chaudry}, R.~A. and {Rees}, K. and {Tandy}, J.~A. and {Thomas}, P. and {Whillock}, M.~C.~R. and {Winter}, B. and {Doschek}, G.~A. and {Korendyke}, C.~M. and {Brown}, C.~M. and {Myers}, S. and {Mariska}, J. and {Seely}, J. and {Lang}, J. and {Kent}, B.~J. and {Shaughnessy}, B.~M. and {Young}, P.~R. and {Simnett}, G.~M. and {Castelli}, C.~M. and {Mahmoud}, S. and {Mapson-Menard}, H. and {Probyn}, B.~J. and {Thomas}, R.~J. and {Davila}, J. and {Dere}, K. and {Windt}, D. and {Shea}, J. and {Hagood}, R. and {Moye}, R. and {Hara}, H. and {Watanabe}, T. and {Matsuzaki}, K. and {Kosugi}, T. and {Hansteen}, V. and {Wikstol}, {\O}.},
        title = "{The EUV Imaging Spectrometer for Hinode}",
      journal = {\solphys},
     keywords = {Face Sheet, Carbon Fiber Reinforce Plastic, Optical Bench, Solar Optical Telescope, Instrument Control Unit},
         year = 2007,
        month = jun,
       volume = {243},
       number = {1},
        pages = {19-61},
          doi = {10.1007/s01007-007-0293-1},
       adsurl = {https://ui.adsabs.harvard.edu/abs/2007SoPh..243...19C},
      adsnote = {Provided by the SAO/NASA Astrophysics Data System}
}

@ARTICLE{iris,
       author = {{De Pontieu}, B. and {Title}, A.~M. and {Lemen}, J.~R. and {Kushner}, G.~D. and {Akin}, D.~J. and {Allard}, B. and {Berger}, T. and {Boerner}, P. and {Cheung}, M. and {Chou}, C. and {Drake}, J.~F. and {Duncan}, D.~W. and {Freeland}, S. and {Heyman}, G.~F. and {Hoffman}, C. and {Hurlburt}, N.~E. and {Lindgren}, R.~W. and {Mathur}, D. and {Rehse}, R. and {Sabolish}, D. and {Seguin}, R. and {Schrijver}, C.~J. and {Tarbell}, T.~D. and {W{\"u}lser}, J. -P. and {Wolfson}, C.~J. and {Yanari}, C. and {Mudge}, J. and {Nguyen-Phuc}, N. and {Timmons}, R. and {van Bezooijen}, R. and {Weingrod}, I. and {Brookner}, R. and {Butcher}, G. and {Dougherty}, B. and {Eder}, J. and {Knagenhjelm}, V. and {Larsen}, S. and {Mansir}, D. and {Phan}, L. and {Boyle}, P. and {Cheimets}, P.~N. and {DeLuca}, E.~E. and {Golub}, L. and {Gates}, R. and {Hertz}, E. and {McKillop}, S. and {Park}, S. and {Perry}, T. and {Podgorski}, W.~A. and {Reeves}, K. and {Saar}, S. and {Testa}, P. and {Tian}, H. and {Weber}, M. and {Dunn}, C. and {Eccles}, S. and {Jaeggli}, S.~A. and {Kankelborg}, C.~C. and {Mashburn}, K. and {Pust}, N. and {Springer}, L. and {Carvalho}, R. and {Kleint}, L. and {Marmie}, J. and {Mazmanian}, E. and {Pereira}, T.~M.~D. and {Sawyer}, S. and {Strong}, J. and {Worden}, S.~P. and {Carlsson}, M. and {Hansteen}, V.~H. and {Leenaarts}, J. and {Wiesmann}, M. and {Aloise}, J. and {Chu}, K. -C. and {Bush}, R.~I. and {Scherrer}, P.~H. and {Brekke}, P. and {Martinez-Sykora}, J. and {Lites}, B.~W. and {McIntosh}, S.~W. and {Uitenbroek}, H. and {Okamoto}, T.~J. and {Gummin}, M.~A. and {Auker}, G. and {Jerram}, P. and {Pool}, P. and {Waltham}, N.},
        title = "{The Interface Region Imaging Spectrograph (IRIS)}",
      journal = {\solphys},
     keywords = {Heating, chromospheric, coronal, Chromosphere, models, active, Corona, Magnetic fields, chromosphere, Instrumentation and data management, Spectrum, ultraviolet, Astrophysics - Solar and Stellar Astrophysics},
         year = 2014,
        month = jul,
       volume = {289},
       number = {7},
        pages = {2733-2779},
          doi = {10.1007/s11207-014-0485-y},
archivePrefix = {arXiv},
       eprint = {1401.2491},
 primaryClass = {astro-ph.SR},
       adsurl = {https://ui.adsabs.harvard.edu/abs/2014SoPh..289.2733D},
      adsnote = {Provided by the SAO/NASA Astrophysics Data System}
}

@misc{irispy-docs,
  author = {{irispy-lmsal Developers}},
  title = {irispy-lmsal Documentation},
  year = {2023},
  publisher = {ReadTheDocs},
  journal = {ReadTheDocs},
  url = {https://irispy-lmsal.readthedocs.io/en/stable/}
}

@misc{irispy-code,
  author = {{irispy-lmsal Developers}},
  title = {irispy-lmsal code-base},
  year = {2023},
  publisher = {GitHub},
  journal = {GitHub Repository},
  url = {https://github.com/LM-SAL/irispy-lmsal}
}

@article{ndcube-apj,
    author = {{Ryan}, Daniel and {Mumford}, Stuart and {Barnes}, Will T. and {Kumar Baruah}, Ankit and {Bhope}, Adwait and {Buchlin}, Eric and {Freij}, Nabil and {Ginsburg}, Adam and {Hayes}, Laura A. and {Homeier}, Derek and {Hughes}, J. Marcus and {Lowder}, Chris and {O'Steen}, Richard and {Pellorce}, Baptiste and {Robitaille}, Thomas and {Sharma}, Yash and {Shih}, Albert Y. and {Tollerud}, Erik and {West}, Matthew J.},
    title = "{A Unified Framework for Manipulating N-dimensional Astronomical Data and Coordinate
Transformations in Python: The NDCube 2 & Astropy APE-14 WCS APIs}",
    year = {2023, submitted},
    journal = {The Astrophysical Journal},
}

@article{ndcube-joss,
    author = {{Ryan}, Daniel and {et al}},
    title = "{ndcube: Manipulating N-dimensional Astronomical Data in Python}",
    year = {2023, submitted},
    journal = {Journal of Open Source Software},
}

@misc{sep12,
  author = {{Mumford}, Stuart and {Ryan}, Daniel F.},
  title = {SEP-0012: NDCube 2 API},
  year = {2020},
  publisher = {GitHub},
  journal = {GitHub repository},
  url = {https://github.com/sunpy/sunpy-SEP/blob/master/SEP-0012.md}
}

@ARTICLE{spice,
       author = {{SPICE Consortium} and {Anderson}, M. and {Appourchaux}, T. and {Auch{\`e}re}, F. and {Aznar Cuadrado}, R. and {Barbay}, J. and {Baudin}, F. and {Beardsley}, S. and {Bocchialini}, K. and {Borgo}, B. and {Bruzzi}, D. and {Buchlin}, E. and {Burton}, G. and {B{\"u}chel}, V. and {Caldwell}, M. and {Caminade}, S. and {Carlsson}, M. and {Curdt}, W. and {Davenne}, J. and {Davila}, J. and {Deforest}, C.~E. and {Del Zanna}, G. and {Drummond}, D. and {Dubau}, J. and {Dumesnil}, C. and {Dunn}, G. and {Eccleston}, P. and {Fludra}, A. and {Fredvik}, T. and {Gabriel}, A. and {Giunta}, A. and {Gottwald}, A. and {Griffin}, D. and {Grundy}, T. and {Guest}, S. and {Gyo}, M. and {Haberreiter}, M. and {Hansteen}, V. and {Harrison}, R. and {Hassler}, D.~M. and {Haugan}, S.~V.~H. and {Howe}, C. and {Janvier}, M. and {Klein}, R. and {Koller}, S. and {Kucera}, T.~A. and {Kouliche}, D. and {Marsch}, E. and {Marshall}, A. and {Marshall}, G. and {Matthews}, S.~A. and {McQuirk}, C. and {Meining}, S. and {Mercier}, C. and {Morris}, N. and {Morse}, T. and {Munro}, G. and {Parenti}, S. and {Pastor-Santos}, C. and {Peter}, H. and {Pfiffner}, D. and {Phelan}, P. and {Philippon}, A. and {Richards}, A. and {Rogers}, K. and {Sawyer}, C. and {Schlatter}, P. and {Schmutz}, W. and {Sch{\"u}hle}, U. and {Shaughnessy}, B. and {Sidher}, S. and {Solanki}, S.~K. and {Speight}, R. and {Spescha}, M. and {Szwec}, N. and {Tamiatto}, C. and {Teriaca}, L. and {Thompson}, W. and {Tosh}, I. and {Tustain}, S. and {Vial}, J. -C. and {Walls}, B. and {Waltham}, N. and {Wimmer-Schweingruber}, R. and {Woodward}, S. and {Young}, P. and {de Groof}, A. and {Pacros}, A. and {Williams}, D. and {M{\"u}ller}, D.},
        title = "{The Solar Orbiter SPICE instrument. An extreme UV imaging spectrometer}",
      journal = {\aap},
     keywords = {Sun: UV radiation, Sun: transition region, Sun: corona, instrumentation: spectrographs, methods: observational, techniques: imaging spectroscopy, Astrophysics - Instrumentation and Methods for Astrophysics, Astrophysics - Solar and Stellar Astrophysics},
         year = 2020,
        month = oct,
       volume = {642},
          eid = {A14},
        pages = {A14},
          doi = {10.1051/0004-6361/201935574},
archivePrefix = {arXiv},
       eprint = {1909.01183},
 primaryClass = {astro-ph.IM},
       adsurl = {https://ui.adsabs.harvard.edu/abs/2020A&A...642A..14S},
      adsnote = {Provided by the SAO/NASA Astrophysics Data System}
}
